<record><leader>00000cas a2200000 a 4500</leader><controlfield tag="001">401386879</controlfield><controlfield tag="008">090616d19uu19uucauwr ne      0    0eng c</controlfield><datafield ind1=" " ind2=" " tag="010"><subfield code="a">sn2009271005</subfield></datafield><datafield ind1=" " ind2=" " tag="040"><subfield code="a">CNK</subfield><subfield code="b">eng</subfield><subfield code="c">CNK</subfield><subfield code="d">OCLCQ</subfield><subfield code="d">OCLCF</subfield><subfield code="d">OCLCO</subfield></datafield><datafield ind1=" " ind2=" " tag="042"><subfield code="a">pcc</subfield></datafield><datafield ind1=" " ind2=" " tag="043"><subfield code="a">n-us-ca</subfield></datafield><datafield ind1="0" ind2=" " tag="130"><subfield code="a">This week (Oceanside, Calif.)</subfield></datafield><datafield ind1="1" ind2="0" tag="245"><subfield code="a">This week.</subfield></datafield><datafield ind1="1" ind2="7" tag="246"><subfield code="a">North County this week</subfield></datafield><datafield ind1=" " ind2=" " tag="260"><subfield code="a">[Oceanside, CA :</subfield><subfield code="b">South Coast Newspapers, Inc.]</subfield></datafield><datafield ind1=" " ind2=" " tag="310"><subfield code="a">Weekly</subfield></datafield><datafield ind1=" " ind2=" " tag="500"><subfield code="a">Place and name of publisher from advertisement in Jan. 9/15, 1985 issue.</subfield></datafield><datafield ind1=" " ind2=" " tag="515"><subfield code="a">Issues carry no vol. or number designation.</subfield></datafield><datafield ind1=" " ind2=" " tag="530"><subfield code="a">Master negatives are available for duplication from:</subfield><subfield code="b">California Newspaper Microfilm Archive;</subfield><subfield code="c">positive copies may be purchased by the reel; for further information consult the CNMA at:</subfield><subfield code="u">http://cbsr.ucr.edu</subfield></datafield><datafield ind1=" " ind2=" " tag="588"><subfield code="a">Description based on: Jan. 2 through 8, 1985.</subfield></datafield><datafield ind1=" " ind2="0" tag="651"><subfield code="a">Oceanside (Calif.)</subfield><subfield code="v">Newspapers.</subfield></datafield><datafield ind1=" " ind2="0" tag="651"><subfield code="a">Carlsbad (Calif.)</subfield><subfield code="v">Newspapers.</subfield></datafield><datafield ind1=" " ind2="7" tag="655"><subfield code="a">Newspapers.</subfield><subfield code="2">fast</subfield><subfield code="0">(OCoLC)fst01423814</subfield></datafield><datafield ind1=" " ind2="7" tag="651"><subfield code="a">California</subfield><subfield code="z">Carlsbad.</subfield><subfield code="2">fast</subfield><subfield code="0">(OCoLC)fst01208495</subfield></datafield><datafield ind1=" " ind2="7" tag="651"><subfield code="a">California</subfield><subfield code="z">Oceanside.</subfield><subfield code="2">fast</subfield><subfield code="0">(OCoLC)fst01219037</subfield></datafield><datafield ind1=" " ind2=" " tag="752"><subfield code="a">United States</subfield><subfield code="b">California</subfield><subfield code="c">San Diego</subfield><subfield code="d">Oceanside.</subfield></datafield></record>